
@article{budge_studying_2006,
	title = {Studying trophic ecology in marine ecosystems using fatty acids: A Primer on analysis and interpretation},
	volume = {22},
	issn = {1748-7692},
	shorttitle = {Studying Trophic Ecology in Marine Ecosystems Using Fatty Acids},
	url = {http://onlinelibrary.wiley.com/doi/10.1111/j.1748-7692.2006.00079.x/abstract},
	doi = {10.1111/j.1748-7692.2006.00079.x},
	
	number = {4},
	urldate = {2013-01-15},
	journal = {Marine Mammal Science},
	author = {Budge, Suzanne M. and Iverson, Sara J. and Koopman, Heather N.},
	year = {2006},
	pages = {759--801}
}

@article {billheimer_compositional_2001,
author = {Billheimer, Dean},
title = {Compositional receptor modeling},
journal = {Environmetrics},
volume = {12},
number = {5},
publisher = {John Wiley & Sons, Ltd.},
issn = {1099-095X},
url = {http://dx.doi.org/10.1002/env.472},
doi = {10.1002/env.472},
pages = {451--467},
keywords = {compositional data, receptor model, source apportionment, air pollution, convex mixture},
year = {2001},
}

@article{deudero_isotopic_2012,
	title = {Isotopic Fractionation in Wild and Captive European Spiny Lobsters (Palinurus elephas)},
	volume = {32},
	issn = {0278-0372},
	url = {http://www.bioone.org.proxy.libraries.rutgers.edu/doi/abs/10.1163/193724012X626476},
	doi = {10.1163/193724012X626476},
	number = {3},
	urldate = {2013-01-23},
	journal = {Journal of Crustacean Biology},
	author = {Deudero, Salud and Tor, Ariadna and Díaz, David and Mallol, Sandra and Goñi, Raquel},
	month = jun,
	year = {2012},
	pages = {421--424}
}

@article{post_using_2002,
	title = {Using stable isotopes to estimate trophic position: models, methods, and assumptions},
	volume = {83},
	shorttitle = {Using stable isotopes to estimate trophic position},
	url = {http://www.esajournals.org/doi/pdf/10.1890/0012-9658(2002)083%5B0703:USITET%5D2.0.CO%3B2},
	number = {3},
	urldate = {2013-01-23},
	journal = {Ecology},
	author = {Post, D. M.},
	year = {2002},
	pages = {703--718}
}

@article{aitchison_convex_1999,
	title = {Convex linear combinations of compositions},
	volume = {86},
	url = {http://biomet.oxfordjournals.org/content/86/2/351.short},
	number = {2},
	urldate = {2014-03-21},
	journal = {Biometrika},
	author = {Aitchison, J. and Bacon-Shone, J.},
	year = {1999},
	pages = {351--364}
}

@article{lesage_stable_2010,
	title = {Stable isotopes and trace elements as indicators of diet and habitat use in cetaceans: predicting errors related to preservation, lipid extraction, and lipid normalization},
	volume = {419},
	shorttitle = {Stable isotopes and trace elements as indicators of diet and habitat use in cetaceans},
	url = {http://www.int-res.com/abstracts/meps/v419/p249-265/},
	urldate = {2014-01-06},
	journal = {Marine Ecology Progress Series},
	author = {Lesage, Véronique and Morin, Yves and Rioux, Ève and Pomerleau, Corinne and Ferguson, Steven H. and Pelletier, Émilien},
	year = {2010},
	pages = {249--265}
}

@article{richoux_trophic_2010,
	title = {Trophic ecology of Grey-headed albatrosses from Marion Island, Southern Ocean: insights from stomach contents and diet tracers},
	volume = {157},
	shorttitle = {Trophic ecology of Grey-headed albatrosses from Marion Island, Southern Ocean},
	url = {http://link.springer.com/article/10.1007/s00227-010-1448-y},
	number = {8},
	urldate = {2014-01-06},
	journal = {Marine biology},
	author = {Richoux, Nicole B. and Jaquemet, Sébastien and Bonnevie, Bo T. and Cherel, Yves and {McQuaid}, Christopher D.},
	year = {2010},
	pages = {1755--1766}
}

@article{belicka_stable_2012,
	title = {Stable isotope and fatty acid biomarkers of seagrass, epiphytic, and algal organic matter to consumers in a pristine seagrass ecosystem},
	volume = {63},
	url = {http://www.publish.csiro.au/?paper=MF12027},
	number = {11},
	urldate = {2014-01-07},
	journal = {Marine and Freshwater Research},
	author = {Belicka, Laura L. and Burkholder, Derek and Fourqurean, James W. and Heithaus, Michael R. and Macko, Stephen A. and Jaffé, Rudolf},
	year = {2012},
	pages = {1085--1097}
}

@article{erhardt_bayesian_2012,
	title = {A Bayesian framework for stable isotope mixing models},
	issn = {1352-8505, 1573-3009},
	url = {http://www.springerlink.com/index/10.1007/s10651-012-0224-1},
	doi = {10.1007/s10651-012-0224-1},
	urldate = {2013-01-25},
	journal = {Environmental and Ecological Statistics},
	author = {Erhardt, Erik B. and Bedrick, Edward J.},
	month = oct,
	year = {2012}
}

@article{karnovsky_lavage_2012,
	title = {From lavage to lipids: estimating diets of seabirds},
	volume = {451},
	shorttitle = {From lavage to lipids},
	urldate = {2013-01-26},
	journal = {Marine Ecology Progress Series},
	author = {Karnovsky, N. J. and Hobson, K. A. and Iverson, S. J.},
	year = {2012},
	pages = {263}
}

@article{ben-david_theoretical_2012,
	title = {Theoretical and analytical advances in mammalian isotope ecology: an introduction},
	volume = {93},
	issn = {0022-2372, 1545-1542},
	shorttitle = {Theoretical and analytical advances in mammalian isotope ecology},
	url = {http://www.bioone.org/doi/abs/10.1644/11-MAMM-S-315.1},
	doi = {10.1644/11-MAMM-S-315.1},
	number = {2},
	urldate = {2013-01-25},
	journal = {Journal of Mammalogy},
	author = {Ben-David, Merav and Flaherty, Elizabeth A.},
	month = apr,
	year = {2012},
	pages = {309--311}
}

@article{zanden_primary_1999,
	title = {Primary consumer {$\delta$13C} and {$\delta$15N} and the trophic position of aquatic consumers},
	volume = {80},
	number = {4},
	urldate = {2014-01-07},
	journal = {Ecology},
	author = {Zanden, M. Jake Vander and Rasmussen, Joseph B.},
	year = {1999},
	pages = {1395--1404}
}

@article{solomon_terrestrial_2011,
	title = {Terrestrial, benthic, and pelagic resource use in lakes: results from a three-isotope Bayesian mixing model},
	volume = {92},
	shorttitle = {Terrestrial, benthic, and pelagic resource use in lakes},
	url = {http://www.esajournals.org/doi/abs/10.1890/10-1185.1},
	number = {5},
	urldate = {2013-01-25},
	journal = {Ecology},
	author = {Solomon, C. T. and Carpenter, S. R. and Clayton, M. K. and Cole, J. J. and Coloso, J. J. and Pace, M. L. and Vander Zanden, M. J. and Weidel, B. C.},
	year = {2011},
	pages = {1115--1125}
}

@article{van_der_bank_dietary_2011,
	title = {Dietary success of a \emph{new} key fish in an overfished ecosystem: evidence from fatty acid and stable isotope signatures},
	volume = {428},
	shorttitle = {Dietary success of a ‘new’key fish in an overfished ecosystem},
	url = {http://www.int-res.com/abstracts/meps/v428/p219-233/},
	urldate = {2014-01-06},
	journal = {Marine Ecology Progress Series},
	author = {van der Bank, M. G. and Utne-Palm, A. C. and Pittman, K. and Sweetman, A. K. and Richoux, N. B. and Brüchert, Volger and Gibbons, M. J.},
	year = {2011},
	pages = {219--233}
}

@article{mccutchan_variation_2003,
	title = {Variation in trophic shift for stable isotope ratios of carbon, nitrogen, and sulfur},
	volume = {102},
	issn = {1600-0706},
	url = {http://onlinelibrary.wiley.com/doi/10.1034/j.1600-0706.2003.12098.x/abstract},
	doi = {10.1034/j.1600-0706.2003.12098.x},
	number = {2},
	urldate = {2013-01-15},
	journal = {Oikos},
	author = {{McCutchan}, James H. and Lewis, William M. and Kendall, Carol and {McGrath}, Claire C.},
	year = {2003},
	pages = {378--390}
}

@article{phillips_predation_2001,
	title = {Predation on myctophids by the squid \emph{Moroteuthis ingens} around Macquarie and Heard Islands: stomach contents and fatty acid analyses},
	volume = {215},
	shorttitle = {Predation on myctophids by the squid Moroteuthis ingens around Macquarie and Heard Islands},
	url = {http://www.int-res.com/abstracts/meps/v215/p179-189/},
	doi = {10.3354/meps215179},
	urldate = {2013-01-15},
	journal = {Marine Ecology Progress Series},
	author = {Phillips, Katrina L. and Jackson, George D. and Nichols, Peter D.},
	month = may,
	year = {2001},
	pages = {179--189}
}

@article{caut_discrimination_2008,
	title = {Discrimination factors ({$\delta^{15}$N} and {$\delta^{13}$C)} in an omnivorous consumer: effect of diet isotopic ratio},
	volume = {22},
	copyright = { 2007 The Authors},
	issn = {1365-2435},
	shorttitle = {Discrimination factors ({$\delta^{15}$N} and {$\delta^{13}$C)} in an omnivorous consumer},
	url = {http://onlinelibrary.wiley.com/doi/10.1111/j.1365-2435.2007.01360.x/abstract},
	doi = {10.1111/j.1365-2435.2007.01360.x},
	number = {2},
	urldate = {2013-01-23},
	journal = {Functional Ecology},
	author = {Caut, Stéphane and Angulo, Elena and Courchamp, Franck},
	year = {2008},
	keywords = {diet--tissue relationship, fractionation factor, mixing models, rat, Stable isotope},
	pages = {255--263}
}

@article{phillips_source_2003,
	title = {Source partitioning using stable isotopes: coping with too many sources},
	volume = {136},
	issn = {0029-8549, 1432-1939},
	shorttitle = {Source partitioning using stable isotopes},
	url = {http://www.springerlink.com/Index/10.1007/s00442-003-1218-3},
	doi = {10.1007/s00442-003-1218-3},
	number = {2},
	urldate = {2012-05-03},
	journal = {Oecologia},
	author = {Phillips, Donald L. and Gregg, Jillian W.},
	month = jul,
	year = {2003},
	pages = {261--269}
}

@article{guest_evidence_2008,
	title = {Evidence of abalone (\emph{Haliotis rubra}) diet from combined fatty acid and stable isotope analyses},
	volume = {153},
	issn = {0025-3162, 1432-1793},
	url = {http://link.springer.com/article/10.1007/s00227-007-0831-9},
	doi = {10.1007/s00227-007-0831-9},
	
	number = {4},
	urldate = {2013-01-15},
	journal = {Marine Biology},
	author = {Guest, M. A. and Nichols, P. D. and Frusher, S. D. and Hirst, A. J.},
	month = feb,
	year = {2008},
	keywords = {Biomedicine general, Ecology, Microbiology, Oceanography, Zoology},
	pages = {579--588}
}

@article{soreide_seasonal_2008,
	title = {Seasonal feeding strategies of Calanus in the high-Arctic Svalbard region},
	volume = {55},
	issn = {09670645},
	url = {http://pubget.com/paper/pgtmp_811926bc-34c8-6b1f-f099-3fb1baf6981c/Seasonal_feeding_strategies_of_Calanus_in_the_high_Arctic_Svalbard_region},
	doi = {10.1016/j.dsr2.2008.05.024},
	number = {20-21},
	urldate = {2013-01-18},
	journal = {Deep Sea Research Part {II:} Topical Studies in Oceanography},
	author = {Søreide, Janne E. and Falk-Petersen, Stig and Hegseth, Else Nøst and Hop, Haakon and Carroll, Michael L. and Hobson, Keith A. and Blachowiak-Samolyk, Katarzyna},
	month = oct,
	year = {2008},
	pages = {2225--2244}
}

@misc{_sign_????,
	title = {Sign In},
	url = {http://biomet.oxfordjournals.org/content/86/2/351.full.pdf},
	urldate = {2014-03-21}
}

@article{stowasser_experimental_2006,
	title = {Experimental study on the effect of diet on fatty acid and stable isotope profiles of the squid \textit{Lolliguncula brevis}},
	volume = {333},
	url = {http://www.sciencedirect.com/science/article/pii/S0022098105005915},
	number = {1},
	urldate = {2014-01-07},
	journal = {Journal of Experimental Marine Biology and Ecology},
	author = {Stowasser, Gabriele and Pierce, Graham J. and Moffat, Colin F. and Collins, Martin A. and Forsythe, John W.},
	year = {2006},
	pages = {97--114}
}

@incollection{iverson_tracing_2009,
	title = {Tracing aquatic food webs using fatty acids: from qualitative indicators to quantitative determination},
	shorttitle = {Tracing aquatic food webs using fatty acids},
	url = {http://link.springer.com/chapter/10.1007/978-0-387-89366-2_12},
	urldate = {2014-03-21},
	booktitle = {Lipids in Aquatic Ecosystems},
	publisher = {Springer},
	author = {Iverson, Sara J.},
	year = {2009},
	pages = {281--308}
}

@misc{_informative_????,
	title = {Some informative talks {\textbar} Simone Vincenzi},
	url = {http://simonevincenzi.com/talks/},
	urldate = {2014-03-04}
}

@article{bowen_methods_2012,
	title = {Methods of estimating marine mammal diets: A review of validation experiments and sources of bias and uncertainty},
	issn = {1748-7692},
	shorttitle = {Methods of estimating marine mammal diets},
	url = {http://onlinelibrary.wiley.com/doi/10.1111/j.1748-7692.2012.00604.x/abstract},
	doi = {10.1111/j.1748-7692.2012.00604.x},
	urldate = {2013-01-15},
	journal = {Marine Mammal Science},
	author = {Bowen, W. D. and Iverson, S. J.},
	year = {2012},
  volume={29},
  number={4},
  pages={719--754},
	keywords = {{DNA}, fatty acids, feces, otoliths, stable isotopes}
}

@article{phillips_combining_2005,
	title = {Combining sources in stable isotope mixing models: alternative methods},
	volume = {144},
	issn = {0029-8549, 1432-1939},
	shorttitle = {Combining sources in stable isotope mixing models},
	url = {http://www.springerlink.com/index/10.1007/s00442-004-1816-8},
	doi = {10.1007/s00442-004-1816-8},
	number = {4},
	urldate = {2012-05-03},
	journal = {Oecologia},
	author = {Phillips, Donald L. and Newsome, Seth D. and Gregg, Jillian W.},
	month = feb,
	year = {2005},
	pages = {520--527}
}

@article{jack_individual_2011,
	title = {Individual variability in trophic position and diet of a marine omnivore is linked to kelp bed habitat},
	volume = {443},
	url = {http://www.int-res.com/abstracts/meps/v443/p129-139/},
	doi = {10.3354/meps09468},
	urldate = {2014-03-21},
	journal = {Marine Ecology Progress Series},
	author = {Jack, Lucy and Wing, Stephen R.},
	month = dec,
	year = {2011},
	pages = {129--139}
}

@article{phillips_size-related_2003,
	title = {Size-related dietary changes observed in the squid Moroteuthis ingens at the Falkland Islands: stomach contents and fatty-acid analyses},
	volume = {26},
	issn = {0722-4060, 1432-2056},
	shorttitle = {Size-related dietary changes observed in the squid Moroteuthis ingens at the Falkland Islands},
	url = {http://link.springer.com/article/10.1007/s00300-003-0509-9},
	doi = {10.1007/s00300-003-0509-9},
	
	number = {7},
	urldate = {2013-01-15},
	journal = {Polar Biology},
	author = {Phillips, Katrina L. and Nichols, Peter D. and Jackson, George D.},
	month = jul,
	year = {2003},
	pages = {474--485}
}

@article{cherel_stable_2005,
	title = {Stable isotopes, beaks and predators: a new tool to study the trophic ecology of cephalopods, including giant and colossal squids},
	volume = {272},
	issn = {0962-8452, 1471-2954},
	shorttitle = {Stable isotopes, beaks and predators},
	url = {http://rspb.royalsocietypublishing.org/content/272/1572/1601},
	doi = {10.1098/rspb.2005.3115},
	
	number = {1572},
	urldate = {2013-01-15},
	journal = {Proceedings of the Royal Society B: Biological Sciences},
	author = {Cherel, Yves and Hobson, Keith A.},
	month = aug,
	year = {2005},
	keywords = {Antarctica, community, octopus, ontogenic changes, Southern Ocean predators},
	pages = {1601--1607}
}

@article{vanderklift_sources_2003,
	title = {Sources of variation in consumer-diet {$\delta$15N} enrichment: a meta-analysis},
	volume = {136},
	issn = {0029-8549},
	shorttitle = {Sources of variation in consumer-diet delta({15)N} enrichment},
	doi = {10.1007/s00442-003-1270-z},
	language = {English},
	number = {2},
	journal = {Oecologia},
	author = {Vanderklift, M. A. and Ponsard, S.},
	month = jul,
	year = {2003},
	keywords = {animal   ecology, callinectes-sapidus, food-web, fractionation, individual amino-acids, n-15 enrichment, natural-populations, {NITROGEN}, Nitrogen excretion, nitrogen   excretion, nitrogen   isotopes, stable-isotope ratios, stable isotopes, tissue fractionation, trophic level, trophic relationships},
	pages = {169--182}
}

@article{nordstrom_evaluating_2008,
	title = {Evaluating quantitative fatty acid signature analysis ({QFASA)} using harbour seals Phoca vitulina richardsi in captive feeding studies},
	volume = {360},
	urldate = {2014-01-07},
	journal = {{MARINE} {ECOLOGY-PROGRESS} {SERIES-}},
	author = {Nordstrom, Chad A. and Wilson, Lindsay J. and Iverson, Sara J. and Tollit, Dominic J.},
	year = {2008},
	pages = {245}
}

@article{hanson_differentiation_2010,
	title = {Differentiation of benthic marine primary producers using stable isotopes and fatty acids: Implications to food web studies},
	volume = {93},
	issn = {0304-3770},
	shorttitle = {Differentiation of benthic marine primary producers using stable isotopes and fatty acids},
	url = {http://www.sciencedirect.com/science/article/pii/S0304377010000641},
	doi = {10.1016/j.aquabot.2010.04.004},
	number = {2},
	urldate = {2013-01-15},
	journal = {Aquatic Botany},
	author = {Hanson, Christine E. and Hyndes, Glenn A. and Wang, Shao Fang},
	month = aug,
	year = {2010},
	keywords = {Fatty acid, Marine macroalgae, Seagrass, South-western Australia, Stable isotope, Two-dimensional biomarker},
	pages = {114--122}
}

@article{ju_lipids_2004,
	title = {Lipids as markers of nutritional condition and diet in the Antarctic krill Euphausia superba and Euphausia crystallorophias during austral winter},
	volume = {51},
	issn = {0967-0645},
	shorttitle = {Integrated Ecosystem Studies of Western Antarctic Peninsula Continental Shelf Waters and Related Southern Ocean Regions},
	url = {http://www.sciencedirect.com/science/article/pii/S0967064504001304},
	doi = {10.1016/j.dsr2.2004.08.004},
	number = {17--19},
	urldate = {2013-01-18},
	journal = {Deep Sea Research Part {II:} Topical Studies in Oceanography},
	author = {Ju, Se-Jong and Harvey, H. Rodger},
	month = aug,
	year = {2004},
	pages = {2199--2214}
}

@article{williams_using_2010,
	title = {Using fatty acids as dietary tracers in seabird trophic ecology: theory, application and limitations},
	volume = {151},
	shorttitle = {Using fatty acids as dietary tracers in seabird trophic ecology},
	url = {http://link.springer.com/article/10.1007/s10336-010-0513-0},
	number = {3},
	urldate = {2014-01-06},
	journal = {Journal of Ornithology},
	author = {Williams, Cory T. and Buck, C. Loren},
	year = {2010},
	pages = {531--543}
}

@article{hopkins_estimating_2012,
	title = {Estimating the diets of animals using stable isotopes and a comprehensive Bayesian mixing model},
	volume = {7},
	url = {http://dx.doi.org/10.1371/journal.pone.0028478},
	doi = {10.1371/journal.pone.0028478},
	number = {1},
	urldate = {2013-01-24},
	journal = {{PLoS} {ONE}},
	author = {Hopkins, John B. and Ferguson, Jake M.},
	month = jan,
	year = {2012},
	pages = {e28478}
}

@article{meynier_quantitative_2010,
	title = {Quantitative fatty acid signature analysis on New Zealand sea lions: model sensitivity and diet estimates},
	volume = {91},
	shorttitle = {Quantitative fatty acid signature analysis on New Zealand sea lions},
	url = {http://asmjournals.org/doi/abs/10.1644/09-MAMM-A-299.1},
	number = {6},
	urldate = {2014-01-07},
	journal = {Journal of Mammalogy},
	author = {Meynier, Laureline and Morel, Patrick {CH} and Chilvers, B. Louise and Mackenzie, Duncan {DS} and Duignan, Pádraig J.},
	year = {2010},
	pages = {1484--1495}
}

@article{alfaro_identification_2006,
	title = {Identification of trophic interactions within an estuarine food web (northern New Zealand) using fatty acid biomarkers and stable isotopes},
	volume = {70},
	issn = {0272-7714},
	shorttitle = {Applying the Ecohydrology approach to the Guadiana estuary and coastal areas: lessons learned from dam impacted ecosystems},
	url = {http://www.sciencedirect.com/science/article/pii/S0272771406002733},
	doi = {10.1016/j.ecss.2006.06.017},
	number = {1--2},
	urldate = {2013-01-23},
	journal = {Estuarine, Coastal and Shelf Science},
	author = {Alfaro, Andrea C. and Thomas, François and Sergent, Luce and Duxbury, Mark},
	month = oct,
	year = {2006},
	keywords = {estuarine habitats, fatty acid biomarkers, food web, mangroves, Seagrass, stable isotopes, trophic levels},
	pages = {271--286}
}

@article{jackson_comparing_2011,
	title = {Comparing isotopic niche widths among and within communities: {SIBER--Stable} Isotope Bayesian Ellipses in R},
	volume = {80},
	shorttitle = {Comparing isotopic niche widths among and within communities},
	url = {http://onlinelibrary.wiley.com/doi/10.1111/j.1365-2656.2011.01806.x/full},
	number = {3},
	urldate = {2013-01-23},
	journal = {Journal of Animal Ecology},
	author = {Jackson, A. L. and Inger, R. and Parnell, A. C. and Bearhop, S.},
	year = {2011},
	pages = {595--602}
}

@article{won_applicability_2008,
	title = {Applicability of Stable Isotope Analyses for Ecological Studies of Abalone: Estimation of Fractionation Values and Natural Diets},
	volume = {27},
	issn = {0730-8000},
	shorttitle = {Applicability of Stable Isotope Analyses for Ecological Studies of Abalone},
	url = {http://www.bioone.org/doi/abs/10.2983/0730-8000(2008)27[871:AOSIAF]2.0.CO;2},
	doi = {10.2983/0730-8000(2008)27[871:AOSIAF]2.0.CO;2},
	number = {4},
	urldate = {2013-01-15},
	journal = {Journal of Shellfish Research},
	author = {Won, Nam-Il and Kawamura, Tomohiko and Takami, Hideki and Watanabe, Yoshiro},
	month = aug,
	year = {2008},
	pages = {871--879}
}

@article{kharlamenko_identification_2001,
	title = {Identification of food sources of invertebrates from the seagrass Zostera marina community using carbon and sulfur stable isotope ratio and fatty acid analyses},
	volume = {220},
	url = {http://www.int-res.com/abstracts/meps/v220/p103-117/},
	doi = {10.3354/meps220103},
	urldate = {2013-01-18},
	journal = {Marine Ecology Progress Series},
	author = {Kharlamenko, V. I. and Kiyashko, S. I. and Imbs, A. B. and Vyshkvartzev, D. I.},
	month = sep,
	year = {2001},
	pages = {103--117}
}

@article{post_getting_2007,
	title = {Getting to the fat of the matter: models, methods and assumptions for dealing with lipids in stable isotope analyses},
	volume = {152},
	shorttitle = {Getting to the fat of the matter},
	url = {http://link.springer.com/article/10.1007/s00442-006-0630-x},
	number = {1},
	urldate = {2014-01-07},
	journal = {Oecologia},
	author = {Post, David M. and Layman, Craig A. and Arrington, D. Albrey and Takimoto, Gaku and Quattrochi, John and Montana, Carman G.},
	year = {2007},
	pages = {179--189}
}

@article{robbins_impact_2010,
	title = {The impact of protein quality on stable nitrogen isotope ratio discrimination and assimilated diet estimation},
	volume = {162},
	url = {http://www.springerlink.com/index/T85530U582098X56.pdf},
	number = {3},
	urldate = {2013-01-30},
	journal = {Oecologia},
	author = {Robbins, C. T. and Felicetti, L. A. and Florin, S. T.},
	year = {2010},
	pages = {571--579}
}

@article{pethybridge_seasonal_2012,
	title = {Seasonal variations in diet of arrow squid (\emph{Nototodarus gouldi}): stomach content and signature fatty acid analysis},
	volume = {92},
	shorttitle = {Seasonal variations in diet of arrow squid (Nototodarus gouldi)},
	doi = {10.1017/S0025315411000841},
	number = {01},
	journal = {Journal of the Marine Biological Association of the United Kingdom},
	author = {Pethybridge, H. and Virtue, P. and Casper, R. and Yoshida, T. and Green, C.p. and Jackson, G. and Nichols, P.d.},
	year = {2012},
	keywords = {Cephalopods, intraspecific dietary variation, Signature fatty acids, Trophic ecology},
	pages = {187--196}
}

@article{belicka_fatty_2012,
	title = {Fatty acids and stable isotopes as indicators of early-life feeding and potential maternal resource dependency in the bull shark Carcharhinus leucas},
	volume = {455},
	url = {http://www.int-res.com/abstracts/meps/v455/p245-256/},
	doi = {10.3354/meps09674},
	urldate = {2014-01-07},
	journal = {Marine Ecology Progress Series},
	author = {Belicka, Laura L. and Matich, Philip and Jaff, Rudolf and Heithaus, Michael R.},
	month = may,
	year = {2012},
	pages = {245--256}
}

@article{tucker_convergence_2008,
	title = {Convergence of diet estimates derived from fatty acids and stable isotopes within individual grey seals},
	volume = {354},
	url = {http://www.int-res.com/abstracts/meps/v354/p267-276/},
	journal = {Marine Ecology Progress Series},
	author = {Tucker, Strahan and Bowen, W. Don and Iverson, Sara J.},
	month = feb,
	year = {2008},
	pages = {267--276}
}

@article{bowen_sources_2011,
	title = {Sources of Bias and Uncertainty in Seal Diet Composition: Hard Part and Fatty Acid Analysis},
	shorttitle = {Sources of Bias and Uncertainty in Seal Diet Composition},
	url = {http://publications.gc.ca/collections/collection_2013/mpo-dfo/Fs70-5-2011-025-eng.pdf},
	urldate = {2014-01-07},
	author = {Bowen, W. D.},
	year = {2011}
}

@article{guest_trophic_2009,
	title = {Trophic effects of fishing southern rock lobster \emph{Jasus edwardsii} shown by combined fatty acid and stable isotope analyses},
	volume = {388},
	issn = {0171-8630, 1616-1599},
	url = {http://ecite.utas.edu.au/58640},
	doi = {10.3354/meps08096},
	urldate = {2013-01-15},
	journal = {Marine Ecology Progress Series},
	author = {Guest, Michaela A. and Frusher, S. D. and Nichols, P. D. and Johnson, C.R. and Wheatley, K.E.},
	year = {2009},
	pages = {169--184}
}

@article{tierney_blood_2008,
	title = {Blood fatty acids indicate inter- and intra-annual variation in the diet of Adélie penguins: Comparison with stomach content and stable isotope analysis},
	volume = {367},
	issn = {00220981},
	shorttitle = {Blood fatty acids indicate inter- and intra-annual variation in the diet of Adélie penguins},
	url = {http://eprints.utas.edu.au/8108/},
	doi = {10.1016/j.jembe.2008.07.046},
	number = {2},
	urldate = {2013-01-18},
	journal = {Journal of Experimental Marine Biology and Ecology},
	author = {Tierney, Megan and Nichols, Peter D. and Wheatley, Kathryn E. and Hindell, Mark A.},
	month = dec,
	year = {2008},
	pages = {65--74}
}

@article{anderson_canonical_2003,
  title={Canonical analysis of principal coordinates: a useful method of constrained ordination for ecology},
  author={Anderson, Marti J and Willis, Trevor J},
  journal={Ecology},
  volume={84},
  number={2},
  pages={511--525},
  year={2003},
  publisher={Eco Soc America}
}

@article{aitchison_logratio_2000,
  title={Logratio analysis and compositional distance},
  author={Aitchison, J and Barcelo-Vidal, C and Martin-Fernandez, JA and Pawlowsky-Glahn, V},
  journal={Mathematical Geology},
  volume={32},
  number={3},
  pages={271--275},
  year={2000},
  publisher={Springer}
}

@article{jaschinski_carbon_2008,
	title = {Carbon sources and trophic structure in an eelgrass \emph{Zostera marina} bed, based on stable isotope and fatty acid analyses},
	volume = {358},
	url = {http://www.int-res.com/abstracts/meps/v358/p103-114/},
	doi = {10.3354/meps07327},
	urldate = {2013-01-18},
	journal = {Marine Ecology Progress Series},
	author = {Jaschinski, Sybill and Brepohl, Daniela C. and Sommer, Ulrich},
	month = apr,
	year = {2008},
	pages = {103--114}
}

@article{kirsch_dietary_1998,
	title = {Dietary effects on the fatty acid signature of whole Atlantic cod (Gadus morhua)},
	volume = {55},
	url = {http://www.nrcresearchpress.com/doi/abs/10.1139/f98-019},
	number = {6},
	urldate = {2014-01-07},
	journal = {Canadian Journal of Fisheries and Aquatic Sciences},
	author = {Kirsch, Penny E. and Iverson, Sara J. and Bowen, W. Don and Kerr, Stephen R. and Ackman, Robert G.},
	year = {1998},
	pages = {1378--1386}
}

@article{auerswald_biases_2010,
	title = {Biases in the analysis of stable isotope discrimination in food webs},
	volume = {47},
	url = {http://onlinelibrary.wiley.com/doi/10.1111/j.1365-2664.2009.01764.x/full},
	number = {4},
	urldate = {2013-01-30},
	journal = {Journal of Applied Ecology},
	author = {Auerswald, K. and Wittmer, M. H. O. M. and Zazzo, A. and Schäufele, R. and Schnyder, H.},
	year = {2010},
	pages = {936--941}
}

@article{couturier_stable_2013,
	title = {Stable Isotope and Signature Fatty Acid Analyses Suggest Reef Manta Rays Feed on Demersal Zooplankton},
	volume = {8},
	url = {http://dx.doi.org/10.1371/journal.pone.0077152},
	doi = {10.1371/journal.pone.0077152},
	number = {10},
	urldate = {2014-01-07},
	journal = {{PLoS} {ONE}},
	author = {Couturier, Lydie I. E. and Rohner, Christoph A. and Richardson, Anthony J. and Marshall, Andrea D. and Jaine, Fabrice R. A. and Bennett, Michael B. and Townsend, Kathy A. and Weeks, Scarla J. and Nichols, Peter D.},
	month = oct,
	year = {2013},
	pages = {e77152}
}

@article{semmens_quantifying_2009,
	title = {Quantifying inter- and intra-population niche variability using hierarchical bayesian stable isotope mixing models},
	volume = {4},
	issn = {1932-6203},
	url = {http://dx.plos.org/10.1371/journal.pone.0006187},
	doi = {10.1371/journal.pone.0006187},
	number = {7},
	urldate = {2012-05-03},
	journal = {{PLoS} {ONE}},
	author = {Semmens, Brice X. and Ward, Eric J. and Moore, Jonathan W. and Darimont, Chris T.},
	year = {2009},
	pages = {e6187}
}

@article{parnell_source_2010,
	title = {Source partitioning using stable isotopes: coping with too much variation},
	volume = {5},
	shorttitle = {Source partitioning using stable isotopes},
	number = {3},
	journal = {{PLoS} One},
	author = {Parnell, A. C. and Inger, R. and Bearhop, S. and Jackson, A. L.},
	year = {2010},
	pages = {e9672}
}

@article{devink_combining_2011,
	title = {Combining Stable-Isotope and Body-Composition Analyses to Assess Nutrient-Allocation Strategies in Breeding White-Winged Scoters (Melanltta fusca)},
	volume = {128},
	url = {http://www.bioone.org/doi/pdf/10.1525/auk.2010.10069},
	number = {1},
	urldate = {2014-01-07},
	journal = {The Auk},
	author = {Devink, Jean-Michel and Slattery, Stuart M. and Clark, Robert G. and Alisauskas, Ray T. and Hobson, Keith A.},
	year = {2011},
	pages = {166--174}
}

@article{moore_incorporating_2008,
	title = {Incorporating uncertainty and prior information into stable isotope mixing models},
	volume = {11},
	number = {5},
	journal = {Ecology Letters},
	author = {Moore, J. W. and Semmens, Brice {X.}},
	year = {2008},
	pages = {470--480}
}

@article{waddington_diet_2008,
	title = {Diet quality and muscle tissue location influence consumer-diet discrimination in captive-reared rock lobsters ( Panulirus cygnus)},
	volume = {154},
	issn = {00253162},
	lccn = {31694870},
	number = {3},
	journal = {Marine Biology},
	author = {Waddington, Kris and {MacArthur}, Lachlan},
	month = may,
	year = {2008},
	keywords = {{CARBON}, {CONSUMERS}, diet, {DISCRIMINATION}, Ecology, {HEALTH}, {ISOTOPES}, {NITROGEN}, {TISSUES}, {WESTERN} rock lobster},
	pages = {569--576}
}

@article{wang_validating_2010,
	title = {Validating quantitative fatty acid signature analysis to estimate diets of spectacled and Steller’s eiders (\emph{Somateria fischeri} and \emph{Polysticta stelleri)}},
	volume = {180},
	url = {http://link.springer.com/article/10.1007/s00360-009-0393-x},
	number = {1},
	urldate = {2014-01-06},
	journal = {Journal of Comparative Physiology B},
	author = {Wang, Shiway W. and Hollmen, Tuula E. and Iverson, Sara J.},
	year = {2010},
	pages = {125--139}
}

@article{caut_caution_2008,
	title = {Caution on isotopic model use for analyses of consumer diet},
	volume = {86},
	number = {5},
	journal = {Canadian Journal of Zoology},
	author = {Caut, S. and Angulo, E. and Courchamp, F.},
	year = {2008},
	pages = {438--445}
}

@article{budge_tracing_2008,
	title = {Tracing carbon flow in an arctic marine food web using fatty acid-stable isotope analysis},
	volume = {157},
	url = {http://link.springer.com/article/10.1007/s00442-008-1053-7},
	number = {1},
	urldate = {2014-01-07},
	journal = {Oecologia},
	author = {Budge, Suzanne M. and Wooller, M. J. and Springer, A. M. and Iverson, S. J. and {McRoy}, C. P. and Divoky, G. J.},
	year = {2008},
	pages = {117--129}
}

@article{stevens_ontogenetic_2008,
	title = {Ontogenetic shifts in the trophic ecology of two alvinocaridid shrimp species at hydrothermal vents on the Mariana Arc, western Pacific Ocean},
	volume = {356},
	url = {http://www.int-res.com/abstracts/meps/v356/p225-237/},
	doi = {10.3354/meps07270},
	urldate = {2013-01-18},
	journal = {Marine Ecology Progress Series},
	author = {Stevens, Catherine J. and Limn, Helene and Pond, David W. and Glinas, Yves and Juniper, S. Kim},
	month = mar,
	year = {2008},
	pages = {225--237}
}

@article{pethybridge_foraging_2013,
	title = {The foraging ecology of an oceanic squid, Todarodes filippovae: The use of signature lipid profiling to monitor ecosystem change},
	issn = {0967-0645},
	shorttitle = {The foraging ecology of an oceanic squid, Todarodes filippovae},
	url = {http://www.sciencedirect.com/science/article/pii/S0967064512001117},
	doi = {10.1016/j.dsr2.2012.07.025},
	urldate = {2013-01-15},
	journal = {Deep Sea Research Part {II:} Topical Studies in Oceanography},
	author = {Pethybridge, Heidi R. and Nichols, Peter D. and Virtue, Patti and Jackson, George D.},
	keywords = {Biochemical tracers, Cephalopods, Lipid dynamics, Ommastrephid, Signature fatty acids, Trophic ecology}
}

@article{semmens_acoustically_2008,
	title = {Acoustically derived fine-scale behaviors of juvenile Chinook salmon (Oncorhynchus tshawytscha) associated with intertidal benthic habitats in an estuary},
	volume = {65},
	number = {9},
	journal = {Canadian Journal of Fisheries and Aquatic Sciences},
	author = {Semmens, B. X.},
	year = {2008},
	pages = {2053--2062}
}

@PhdThesis{blanchard_inference_2011,
	title = {Inference on the diet composition of predators using fatty acid signatures: an application of Bayesian inference on lienar mixing models.},
	shorttitle = {Inference on diet compositions of predators using fatty acid signatures},
	url = {http://Dalspace.library.dal.ca//handle/10222/13329},
	urldate = {2014-01-07},
	author = {Blanchard, J. Wade},
        school = "Dalhousie University",
	year = {2011}
}

@article{kelly_fatty_2011,
	title = {Fatty acids as dietary tracers in benthic food webs},
	volume = {446},
	url = {http://www.int-res.com/articles/feature/m446p001.pdf},
	urldate = {2014-01-06},
	journal = {Marine Ecology Progress Series},
	author = {Kelly, Jennifer R. and Scheibling, Robert E.},
	year = {2011},
	pages = {1--22}
}

@article {parnell_bayesian_2012,
author = {Parnell, Andrew C. and Phillips, Donald L. and Bearhop, Stuart and Semmens, Brice X. and Ward, Eric J. and Moore, Jonathan W. and Jackson, Andrew L. and Grey, Jonathan and Kelly, David J. and Inger, Richard},
title = {Bayesian stable isotope mixing models},
journal = {Environmetrics},
volume = {24},
number = {6},
issn = {1099-095X},
url = {http://dx.doi.org/10.1002/env.2221},
doi = {10.1002/env.2221},
pages = {387--399},
keywords = {stable isotope analysis, mixing models, Bayesian hierarchical model, compositional data, time series},
year = {2013},
}

@article{ronconi_inter-annual_2010,
	title = {Inter-annual variability in diet of non-breeding pelagic seabirds Puffinus spp. at migratory staging areas: evidence from stable isotopes and fatty acids},
	volume = {419},
	shorttitle = {Inter-annual variability in diet of non-breeding pelagic seabirds Puffinus spp. at migratory staging areas},
	url = {http://www.int-res.com/abstracts/meps/v419/p267-282/},
	urldate = {2014-01-07},
	journal = {Marine Ecology Progress Series},
	author = {Ronconi, R. A. and Koopman, H. N. and {McKinstry}, C. A. E. and Wong, S. N. P. and Westgate, A. J.},
	year = {2010},
	pages = {267--282}
}

@article{williams_stable_2008,
	title = {Stable isotopes and fatty acid signatures reveal age-and stage-dependent foraging niches in tufted puffins},
	volume = {363},
	url = {https://seagrant.uaf.edu/map/gap/seabirds/publications/williams08mpes.pdf},
	urldate = {2014-01-07},
	journal = {Mar Ecol Prog Ser},
	author = {Williams, Cory T. and Iverson, Sara J. and Buck, C. Loren},
	year = {2008},
	pages = {287--298}
}

@article{caut_variation_2009,
	title = {Variation in discrimination factors ({$\delta$15N} and {$\delta$13C):} the effect of diet isotopic values and applications for diet reconstruction},
	volume = {46},
	copyright = { 2009 The Authors. Journal compilation  2009 British Ecological Society},
	issn = {1365-2664},
	shorttitle = {Variation in discrimination factors ({$\delta$15N} and {$\delta$13C)}},
	url = {http://onlinelibrary.wiley.com/doi/10.1111/j.1365-2664.2009.01620.x/abstract},
	doi = {10.1111/j.1365-2664.2009.01620.x},
	
	number = {2},
	urldate = {2013-01-23},
	journal = {Journal of Applied Ecology},
	author = {Caut, Stéphane and Angulo, Elena and Courchamp, Franck},
	year = {2009},
	keywords = {{CARBON}, diet isotopic value, {DISCRIMINATION}, fractionation, isotopic model, {NITROGEN}},
	pages = {443--453}
}

@article{budge_carbon_2011,
	title = {Carbon isotopic fractionation in eider adipose tissue varies with fatty acid structure: implications for trophic studies},
	volume = {214},
	issn = {0022-0949, 1477-9145},
	shorttitle = {Carbon isotopic fractionation in eider adipose tissue varies with fatty acid structure},
	url = {http://jeb.biologists.org/content/214/22/3790},
	doi = {10.1242/jeb.057596},
	number = {22},
	urldate = {2014-01-07},
	journal = {The Journal of Experimental Biology},
	author = {Budge, Suzanne M. and Wang, Shiway W. and Hollmen, Tuula E. and Wooller, Matthew J.},
	year = {2011},
	note = {{PMID:} 22031744},
	keywords = {compound-specific isotope analysis, diet estimate, {DISCRIMINATION}, lipid, spectacled eider, Stable isotope, Steller's eider},
	pages = {3790--3800}
}

@article{budge_among-_2002,
	title = {Among- and within-species variability in fatty acid signatures of marine fish and invertebrates on the Scotian Shelf, Georges Bank, and southern Gulf of St. Lawrence},
	volume = {59},
	issn = {0706-{652X}, 1205-7533},
	url = {http://www.nrcresearchpress.com/doi/abs/10.1139/f02-062},
	doi = {10.1139/f02-062},
	number = {5},
	urldate = {2013-01-15},
	journal = {Canadian Journal of Fisheries and Aquatic Sciences},
	author = {Budge, Suzanne M and Iverson, Sara J and Bowen, W Don and Ackman, Robert G},
	month = may,
	year = {2002},
	pages = {886--898}
}

@article{iverson_quantitative_2004,
	title = {Quantitative fatty acid signature analysis: a new method of estimating predator diets},
	volume = {74},
	shorttitle = {Quantitative fatty acid signature analysis},
	number = {2},
	journal = {Ecological Monographs},
	author = {Iverson, S. J. and Field, C. and Don Bowen, W. and Blanchard, W.},
	year = {2004},
	pages = {211--235}
}

@article{rosen_effects_2012,
	title = {Effects of phylogeny and prey type on fatty acid calibration coefficients in three pinniped species: implications for the {QFASA} dietary quantification technique},
	volume = {467},
	issn = {0171-8630, 1616-1599},
	shorttitle = {Effects of phylogeny and prey type on fatty acid calibration coefficients in three pinniped species},
	url = {http://www.int-res.com/abstracts/meps/v467/p263-276/},
	doi = {10.3354/meps09934},
	urldate = {2013-01-25},
	journal = {Marine Ecology Progress Series},
	author = {Rosen, Das and Tollit, Dj},
	month = oct,
	year = {2012},
	pages = {263--276}
}

@article{karnovsky_seasonal_2008,
	title = {Seasonal changes in diets of seabirds in the North Water Polynya: a multiple-indicator approach},
	volume = {357},
	shorttitle = {Seasonal changes in diets of seabirds in the North Water Polynya},
	url = {http://www.int-res.com/abstracts/meps/v357/p291-299/},
	doi = {10.3354/meps07295},
	urldate = {2013-01-18},
	journal = {Marine Ecology Progress Series},
	author = {Karnovsky, Nina J. and Hobson, Keith A. and Iverson, Sara and Jr, George L. Hunt},
	month = apr,
	year = {2008},
	pages = {291--299}
}

@article{pethybridge_diet_2011,
	title = {Diet of demersal sharks and chimaeras inferred by fatty acid profiles and stomach content analysis},
	volume = {409},
	issn = {0022-0981},
	url = {http://www.sciencedirect.com/science/article/pii/S0022098111004199},
	doi = {10.1016/j.jembe.2011.09.009},
	number = {1--2},
	urldate = {2013-01-15},
	journal = {Journal of Experimental Marine Biology and Ecology},
	author = {Pethybridge, Heidi and Daley, Ross K. and Nichols, Peter D.},
	month = dec,
	year = {2011},
	keywords = {Biochemical tracers, Chondrichthyans, Deep-water, Signature-lipids, Trophic ecology},
	pages = {290--299}
}

@article{ward_including_2010,
	title = {Including source uncertainty and prior information in the analysis of stable isotope mixing models},
	volume = {44},
	number = {12},
	journal = {Environmental science and technology},
	author = {Ward, E. J. and Semmens, B. X. and Schindler, D. E.},
	year = {2010},
	pages = {4645--4650}
}

@article{crawley_allochthonous_2009,
	title = {Allochthonous brown algae are the primary food source for consumers in a temperate, coastal environment},
	volume = {376},
	url = {http://www.int-res.com/abstracts/meps/v376/p33-44/},
	doi = {10.3354/meps07810},
	urldate = {2013-01-18},
	journal = {Marine Ecology Progress Series},
	author = {Crawley, Karen R. and Hyndes, Glenn A. and Vanderklift, Mathew A. and Revill, Andrew T. and Nichols, Peter D.},
	month = feb,
	year = {2009},
	pages = {33--44}
}

@article{kelly_fatty_2008,
	title = {Fatty acid profiles in the gonads of the sea urchin Strongylocentrotus droebachiensis on natural algal diets},
	volume = {373},
	url = {http://www.ucs.mun.ca/~pgagnon/papers/2008meps.pdf},
	urldate = {2014-01-07},
	journal = {Mar Ecol Prog Ser},
	author = {Kelly, Jennifer R. and Scheibling, Robert E. and Iverson, Sara J. and Gagnon, Patrick},
	year = {2008},
	pages = {1--9}
}

@article{marra_linking_1998,
	title = {Linking Winter and Summer Events in a Migratory Bird by Using Stable-Carbon Isotopes},
	volume = {282},
	url = {http://www.sciencemag.org/cgi/doi/10.1126/science.282.5395.1884},
	doi = {10.1126/science.282.5395.1884},
	number = {5395},
	urldate = {2012-05-03},
	journal = {Science},
	author = {Marra, P. P.},
	month = dec,
	year = {1998},
	pages = {1884--1886}
}

@article{elsdon_unraveling_2010,
	title = {Unraveling diet and feeding histories of fish using fatty acids as natural tracers},
	volume = {386},
	url = {http://www.sciencedirect.com/science/article/pii/S0022098110000389},
	number = {1},
	urldate = {2014-01-07},
	journal = {Journal of Experimental Marine Biology and Ecology},
	author = {Elsdon, Travis S.},
	year = {2010},
	pages = {61--68}
}

@article{ward_quantitative_2011,
	title = {A quantitative approach to combine sources in stable isotope mixing models},
	volume = {2},
	issn = {2150-8925},
	url = {http://www.esajournals.org/doi/abs/10.1890/ES10-00190.1},
	doi = {10.1890/ES10-00190.1},
	number = {2},
	urldate = {2012-05-03},
	journal = {Ecosphere},
	author = {Ward, E. J. and Semmens, Brice X. and Phillips, Donald L. and Moore, Jonathan W. and Bouwes, Nicolaas},
	year = {2011},
	pages = {art19}
}

@inproceedings{plummer_jags_2003,
  title={JAGS: A program for analysis of Bayesian graphical models using Gibbs sampling},
  author={Plummer, Martyn},
  booktitle={Proceedings of the 3rd International Workshop on Distributed Statistical Computing (DSC 2003). March},
  pages={20--22},
  year={2003}
}

 @Manual{R_core_2014,
    title = {R: A Language and Environment for Statistical Computing},
    author = {{R Core Team}},
    organization = {R Foundation for Statistical Computing},
    address = {Vienna, Austria},
    year = {2014},
    url = {http://www.R-project.org/},
  }


@article{krahn_use_2008,
	title = {Use of chemical tracers to assess diet and persistent organic pollutants in Antarctic Type C killer whales},
	volume = {24},
	copyright = { 2008 by the Society for Marine Mammalogy No claim to original {US} government works},
	issn = {1748-7692},
	url = {http://onlinelibrary.wiley.com/doi/10.1111/j.1748-7692.2008.00213.x/abstract},
	doi = {10.1111/j.1748-7692.2008.00213.x},
	
	number = {3},
	urldate = {2013-01-18},
	journal = {Marine Mammal Science},
	author = {Krahn, Margaret M. and Pitman, Robert L. and Burrows, Douglas G. and Herman, David P. and Pearce, Ronald W.},
	year = {2008},
	keywords = {Antarctica, biopsy sampling, diet, fatty acids, killer whale, Orcinus orca, persistent organic pollutants, prey, stable isotopes},
	pages = {643--663}
}

@article{hussey_rescaling_2014,
	title = {Rescaling the trophic structure of marine food webs},
	volume = {17},
	issn = {1461-0248},
	url = {http://onlinelibrary.wiley.com/doi/10.1111/ele.12226/abstract},
	doi = {10.1111/ele.12226},
	
	number = {2},
	urldate = {2014-01-07},
	journal = {Ecology Letters},
	author = {Hussey, Nigel E. and {MacNeil}, M. Aaron and {McMeans}, Bailey C. and Olin, Jill A. and Dudley, Sheldon {F.J.} and Cliff, Geremy and Wintner, Sabine P. and Fennessy, Sean T. and Fisk, Aaron T.},
	year = {2014},
	keywords = {{DISCRIMINATION}, fish, food webs, marine, shark, stable isotopes, trophic level, trophic position},
	pages = {239--250}
}